@Article{Belady:1966,
    author = {Bélády, László A.},
    title = {A Study of Replacement Algorithms for Virtual-Storage Computer},
    journaltitle = {IBM Systems Journal},
    date = {1966-06},
    language = {langenglish},
    volume = {5},
    issue = {2},
    pages = {78--101},
    issn = {0018-8670},
    doi = {10.1147/sj.52.0078}
}

@Article{Effelsberg:1984,
    author = {Effelsberg, Wolfgang and 
              Härder, Theo},
    title = {Principles of Database Buffer Management},
    journaltitle = {ACM Transactions on Database Systems},
    date = {1984-12},
    editor = {Taylor, Robert W.},
    language = {langenglish},
    volume = {9},
    issue = {4},
    pages = {560--595},
    issn = {0362-5915},
    doi = {10.1145/1994.2022}
}

@Inproceedings{Graefe:2014,
    author = {Graefe, Goetz and 
              Volos, Haris and 
              Kimura, Hideaki and 
              Kuno, Harumi and 
              Tucek, Joseph and 
              Lillibridge, Mark and 
              Veitch, Alistair},
    title = {In-Memory Performance for Big Data},
    booktitle = {Proceedings of the VLDB Endowment},
    date = {2014-09},
    editor = {Li, Chen and 
              Markl, Volker},
    editortype = {editor},
    editora = {Jagadish, H. V.},
    editoratype = {founding},
    editorb = {Chang, Kevin and 
               Babu, Shivnath and 
               Balazinska, Magdalena and 
               Naumann, Felix and
               Manegold, Stefan and
               Chen, Yi and
               Ozcan, Fatma and
               Patel, Jignesh and
               Gemulla, Rainer},
    editorbtype = {collaborator},
    maintitle = {Proceedings of the 41st International Conference on Very Large Data Bases},
    eventdate = {2015-08-31/2015-09-04},
    language = {langenglish},
    volume = {8},
    series = {Proceedings of the VLDB Endowment},
    number = {1},
    organization = {Very Large Data Base Endowment Inc.},
    location = {Kohala Coast, HI, USA},
    pages = {37--48},
    issn = {2150-8097},
    doi = {10.14778/2735461.2735465},
    url = {http://www.vldb.org/pvldb/vol8/p37-graefe.pdf},
    urldate = {2016-12-13}
}

@Inproceedings{ONeil:1993,
    author = {O’Neil, Elizabeth J. and
              O’Neil, Patrick E. and
              Weikum, Gerhard},
    title = {The LRU-K Page Replacement Algorithm for Database Disk Buffering},
    booktitle = {Proceedings of the 1993 ACM SIGMOD International Conference on Management of Data},
    date = {1993},
    editor = {Buneman, Peter and 
              Jajodia, Sushil},
    eventdate = {1993-05},
    language = {langenglish},
    organization = {SIGMOD},
    location = {Washington, D.C., USA},
    pages = {297--306},
    publisher = {Association for Computing Machinery},
    address = {New York, NY, USA},
    isbn = {978-0-89791-592-2},
    doi = {10.1145/170035.170081},
    url = {https://www.cs.cmu.edu/~christos/courses/721-resources/p297-o_neil.pdf},
    urldate = {2020-07-23}
}

@Inproceedings{Leis:2018,
    author = {Leis, Viktor and
              Haubenschild, Michael and
              Kemper, Alfons and
              Neumann, Thomas},
    title = {LeanStore: In-Memory Data Management beyond Main Memory},
    date = {2018-04},
    language = {langenglish},
    series = {ICDE '18},
    booktitle = {34th IEEE International Conference on Data Engineering},
    location = {Paris, France},
    eventdate = {2018-04-16/2018-04-19},
    pages = {185--196},
    publisher = {IEEE Computer Society},
    address = {Washington, DC, USA},
    doi = {10.1109/ICDE.2018.00026},
    isbn = {978-1-5386-5520-7},
    issn = {2375-026X},
    url = {https://db.in.tum.de/~leis/papers/leanstore.pdf},
    urldate = {2020-09-15}
}

@Inproceedings{Harizopoulos:2008,
    author = {Harizopoulos, Stavros and
              Abadi, Daniel J. and
              Madden, Samuel and
              Stonebraker, Michael},
    title = {OLTP through the Looking Glass, and What We Found There},
    date = {2008-06},
    language = {langenglish},
    series = {SIGMOD '08},
    booktitle = {Proceedings of the 2008 ACM SIGMOD International Conference on Management of Data},
    location = {Vancouver, Canada},
    eventdate = {2008-06-10/2008-06-12},
    pages = {981--992},
    publisher = {Association for Computing Machinery},
    address = {New York, NY, USA},
    doi = {10.1145/1376616.1376713},
    isbn = {978-1-60558-102-6},
    url = {http://nms.csail.mit.edu/~stavros/pubs/OLTP_sigmod08.pdf},
    urldate = {2020-08-20}
}

@Incollection{Corbato:1969,
    author = {Corbató, F. J.},
    title = {A Paging Experiment with the Multics System},
    date = {1969-11-15}
}
